<?xml version="1.0"?>
<record xmlns="http://www.loc.gov/MARC21/slim">
  <leader>02097nam a2200397 a 4500</leader>
  <controlfield tag="001">cihm_98286</controlfield>
  <controlfield tag="003">CaSfIA</controlfield>
  <controlfield tag="005">20151008010651.0</controlfield>
  <controlfield tag="007">cr||||||||||||</controlfield>
  <controlfield tag="008">990722s1909    quc    |b|||| 000 0 fre d</controlfield>
  <datafield tag="020" ind1=" " ind2=" ">
    <subfield code="a">0665982860</subfield>
  </datafield>
  <datafield tag="035" ind1=" " ind2=" ">
    <subfield code="a">ocm56742157</subfield>
  </datafield>
  <datafield tag="040" ind1=" " ind2=" ">
    <subfield code="a">CaOOCIHM</subfield>
    <subfield code="b">fre</subfield>
    <subfield code="c">CaOOCIHM</subfield>
    <subfield code="d">AEU</subfield>
    <subfield code="d">CaSfIA</subfield>
  </datafield>
  <datafield tag="082" ind1="0" ind2=" ">
    <subfield code="a">506</subfield>
    <subfield code="2">20</subfield>
  </datafield>
  <datafield tag="090" ind1=" " ind2=" ">
    <subfield code="a">FC 02 0203 no. 98286</subfield>
    <subfield code="b">AEU</subfield>
  </datafield>
  <datafield tag="110" ind1="2" ind2=" ">
    <subfield code="a">Alliance scientifique universelle.</subfield>
    <subfield code="b">Am&#xE9;rique du Nord.</subfield>
    <subfield code="b">Comit&#xE9; central pour la puissance du Canada.</subfield>
  </datafield>
  <datafield tag="245" ind1="1" ind2="0">
    <subfield code="a">Compte-rendu de l'Assembl&#xE9;e g&#xE9;n&#xE9;rale du 17 octobre 1909, suivi d'une conf&#xE9;rence faite par le Docteur R. Villecourt ...</subfield>
    <subfield code="h">[electronic resource] </subfield>
  </datafield>
  <datafield tag="260" ind1=" " ind2=" ">
    <subfield code="a">[Montr&#xE9;al? :</subfield>
    <subfield code="b">s.n.],</subfield>
    <subfield code="c">1909</subfield>
    <subfield code="e">(Montr&#xE9;al :</subfield>
    <subfield code="f">J. Fortier)</subfield>
  </datafield>
  <datafield tag="300" ind1=" " ind2=" ">
    <subfield code="a">1 microfiche (30 images)</subfield>
  </datafield>
  <datafield tag="490" ind1="1" ind2=" ">
    <subfield code="a">CIHM/ICMH Microfiche series = CIHM/ICMH collection de microfiches ;</subfield>
    <subfield code="v">no. 98286</subfield>
  </datafield>
  <datafield tag="500" ind1=" " ind2=" ">
    <subfield code="a">"Association internationale des homme de science. Sciences -litt&#xE9;rature -beaux-arts. Am&#xE9;rique du Nord... Conf&#xE9;d&#xE9;ration de la Puissance du Canada -Terre-Neuve -Alaska -Yukon -les Bermudes -l'Islande et toutes les terres du nord du continent am&#xE9;ricain."</subfield>
  </datafield>
  <datafield tag="500" ind1=" " ind2=" ">
    <subfield code="a">Alliance fond&#xE9; par L&#xE9;on de Rosny en 1876. Cf. Verso de la titre de la couv.</subfield>
  </datafield>
  <datafield tag="533" ind1=" " ind2=" ">
    <subfield code="a">Microfiche de l'exemplaire de l'&#xE9;dition originale se trouvant &#xE0; l'Universit&#xE9; de Montr&#xE9;al, Biblioth&#xE8;que.</subfield>
    <subfield code="b">Ottawa :</subfield>
    <subfield code="c">Institut canadien de microreproductions historiques,</subfield>
    <subfield code="d">1998.</subfield>
  </datafield>
  <datafield tag="534" ind1=" " ind2=" ">
    <subfield code="e">44 p. ; 22 cm.</subfield>
  </datafield>
  <datafield tag="596" ind1=" " ind2=" ">
    <subfield code="a">43</subfield>
  </datafield>
  <datafield tag="600" ind1="1" ind2="6">
    <subfield code="a">Hugo, Victor,</subfield>
    <subfield code="d">1802-1885.</subfield>
  </datafield>
  <datafield tag="600" ind1="1" ind2="0">
    <subfield code="a">Hugo, Victor,</subfield>
    <subfield code="d">1802-1885.</subfield>
  </datafield>
  <datafield tag="610" ind1="2" ind2="6">
    <subfield code="a">Alliance scientifique univerelle.</subfield>
    <subfield code="b">Am&#xE9;rique du Nord.</subfield>
    <subfield code="b">Comit&#xE9; central pour la puissance du Canada.</subfield>
  </datafield>
  <datafield tag="610" ind1="2" ind2="0">
    <subfield code="a">Alliance scientifique univerelle.</subfield>
    <subfield code="b">Am&#xE9;rique du Nord.</subfield>
    <subfield code="b">Comit&#xE9; central pour la puissance du Canada.</subfield>
  </datafield>
  <datafield tag="650" ind1=" " ind2="6">
    <subfield code="a">Sciences</subfield>
    <subfield code="x">Congr&#xE8;s et conf&#xE9;rences.</subfield>
  </datafield>
  <datafield tag="650" ind1=" " ind2="0">
    <subfield code="a">Science</subfield>
    <subfield code="x">Congresses and conventions.</subfield>
  </datafield>
  <datafield tag="700" ind1="1" ind2=" ">
    <subfield code="a">Villecourt, Raymond,</subfield>
    <subfield code="d">n&#xE9; 1886 ou 7.</subfield>
  </datafield>
  <datafield tag="830" ind1=" " ind2="0">
    <subfield code="a">CIHM/ICMH microfiche series ;</subfield>
    <subfield code="v">no. 98286</subfield>
  </datafield>
  <datafield tag="856" ind1="4" ind2="1">
    <subfield code="u">http://archive.org/details/cihm_98286</subfield>
    <subfield code="z">Free eBook from the Internet Archive</subfield>
  </datafield>
  <datafield tag="016" ind1=" " ind2=" ">
    <subfield code="a"> 996067361</subfield>
  </datafield>
</record>
